% This file was created with JabRef 2.6.
% Encoding: UTF-8

@ARTICLE{Alderson-Day2011,
  author = {Ben Alderson-Day},
  title = {Verbal problem-solving in autism spectrum disorders: A problem of
	plan construction?},
  journal = {Autism Research},
  year = {2011},
  volume = {4},
  pages = {401-411},
  number = {6},
  month = {December},
  owner = {abe},
  review = {20q for autistism},
  timestamp = {2012.04.03}
}

@INPROCEEDINGS{Arnold2010,
  author = {Michael Arnold and
	
	Damodar Shenviwagle and
	
	Levent Yilmaz},
  title = {SciBrowser: a computational ethnography tool to explore open source
	science communities},
  booktitle = {Proceedings of the 48th Annual Southeast Regional Conference (ACMSE
	2010)},
  year = {2010},
  address = {Oxford, MS},
  month = {April},
  owner = {abe},
  timestamp = {2012.03.16}
}

@BOOK{BirdKleinLoper09,
  title = {Natural Language Processing with Python},
  publisher = {O'Reilly Media},
  year = {2009},
  author = {Steven Bird and 
	
	Ewan Klein and 
	
	Edward Loper},
  owner = {abe},
  review = {describes nltk},
  timestamp = {2012.06.21}
}

@TECHREPORT{Geman1993,
  author = {Donald Geman and Bruno Jedynak},
  title = {Shape Recognition and Twenty Questions},
  institution = {IN PROC. RECONNAISSANCE DES FORMES ET INTELLIGENCE ARTIFICIELLE (RFIA)},
  year = {1993},
  owner = {abe},
  timestamp = {2012.04.03}
}

@BOOK{Hintikka2007,
  title = {Socratic Epistemology: Explorations of Knowledge-Seeking by Questioning},
  publisher = {Cambridge University Press},
  year = {2007},
  author = {Jaakko Hintikka},
  owner = {abe},
  timestamp = {2011.09.23}
}

@INBOOK{Hockett1968,
  pages = {61-72},
  title = {A note on design features},
  publisher = {Indiana University Press},
  year = {1968},
  editor = {Thomas A. Sebeok},
  author = {Charles F. Hockett and
	
	Stuart Altmann},
  owner = {abe},
  review = {gives design features of human language, cf arbib's book how the brain
	got language},
  timestamp = {2012.02.27}
}

@ARTICLE{Jedynak2012,
  author = {Bruno Jedynak and
	
	Peter I. Frasier and
	
	Raphael Sznitman},
  title = {Twenty Questions With Noise: Bayes Optimal Policies for Entropy Loss},
  journal = {Journal of Applied Probability},
  year = {2012},
  volume = {49},
  pages = {114-136},
  number = {1},
  month = {March},
  owner = {abe},
  timestamp = {2012.04.03}
}

@INPROCEEDINGS{Kazemzadeh2011a,
  author = {Abe Kazemzadeh and
	
	Panayiotis G. Georgiou and
	
	Sungbok Lee and
	
	Shrikanth Narayanan},
  title = {Emotion Twenty Questions: Toward a Crowd-sourced Theory of Emotions},
  booktitle = {Proceedings of ACII'11},
  year = {2011},
  owner = {abe},
  timestamp = {2011.03.30}
}

@INPROCEEDINGS{Kazemzadeh2011d,
  author = {Abe Kazemzadeh and
	
	James Gibson and
	
	Panayiotis Georgiou and
	
	Sungbok Lee and
	
	Shrikanth Narayanan},
  title = {EMO20Q Questioner Agent},
  booktitle = {Proceedings of ACII (Interactive Event)},
  year = {2011},
  note = {The interactive demo is available at http://sail.usc.edu/emo20q/questioner/questioner.cgi},
  owner = {abe},
  timestamp = {2011.07.15}
}

@INPROCEEDINGS{Kazemzadeh2011b,
  author = {Abe Kazemzadeh and
	
	Sungbok Lee and
	
	Panayiotis G. Georgiou and
	
	Shrikanth Narayanan},
  title = {Determining What Questions To Ask, with the Help of Spectral Graph
	Theory},
  booktitle = {Proceedings of Interspeech},
  year = {2011},
  owner = {abe},
  timestamp = {2011.03.30}
}

@PHDTHESIS{King1989,
  author = {Brian King},
  title = {The Conceptual Structure of Emotional Experience in Chinese},
  school = {Ohio State University},
  year = {1989},
  owner = {abe},
  timestamp = {2012.04.09}
}

@ARTICLE{Marsella2009,
  author = {Stacy C. Marsella and
	
	Johnathan Gratch},
  title = {EMA: A process model of appraisal dynamics},
  journal = {Journal of Cognitive Systems Research},
  year = {2009},
  volume = {10},
  pages = {70-90},
  owner = {abe},
  review = {this one has the pigeon illustration},
  timestamp = {2012.03.19}
}

@INPROCEEDINGS{Thomson2008,
  author = {Blaise Thomson and
	
	Jost Schatzmann and
	
	Steve Young},
  title = {Bayesian update of dialogue state for robust dialogue systems},
  booktitle = {International Conference on Acoustics, Speech, and Signal Processing
	(ICASSP)},
  year = {2008},
  owner = {abe},
  timestamp = {2012.04.03}
}

@BOOK{Wenger1998,
  title = {Communities of practice: learning, meaning, and identity},
  publisher = {Cambridge University Press},
  year = {1998},
  author = {Etienne C. Wenger},
  owner = {abe},
  timestamp = {2012.03.16}
}

@ARTICLE{Williams2007,
  author = {Jason D. Williams and
	
	Steve Young},
  title = {Partially observable Markov decision processes for spoken dialog
	systems},
  journal = {Computer Speech and Language},
  year = {2007},
  volume = {21},
  pages = {393-422},
  number = {2},
  month = {April},
  owner = {abe},
  timestamp = {2012.04.03}
}

@BOOK{Zolt'anKovecses2000,
  title = {Metaphor and Emotion: Language, Culture, and Body in Human Feeling},
  publisher = {Cambridge University Press},
  year = {2000},
  author = {{Zolt\'an K\"ovecses}},
  owner = {abe},
  timestamp = {2012.04.09}
}

@comment{jabref-meta: selector_publisher:}

@comment{jabref-meta: selector_author:}

@comment{jabref-meta: selector_journal:}

@comment{jabref-meta: selector_keywords:}

